<?xml version="1.0" encoding="UTF-8"?><record xmlns="http://www.loc.gov/MARC21/slim" xmlns:cinclude="http://apache.org/cocoon/include/1.0" xmlns:zs="http://www.loc.gov/zing/srw/">
  <leader>00550nz  a2200157n  4500</leader>
  <controlfield tag="001">no2003079614</controlfield>
  <controlfield tag="003">DLC</controlfield>
  <controlfield tag="005">20030809071040.0</controlfield>
  <controlfield tag="008">030808n| acannaabn          |a aaa     c</controlfield>
  <datafield tag="010" ind1=" " ind2=" ">
    <subfield code="a">no2003079614</subfield>
  </datafield>
  <datafield tag="035" ind1=" " ind2=" ">
    <subfield code="a">(OCoLC)oca06122361</subfield>
  </datafield>
  <datafield tag="040" ind1=" " ind2=" ">
    <subfield code="a">NBuU</subfield>
    <subfield code="b">eng</subfield>
    <subfield code="c">NBuU</subfield>
  </datafield>
  <datafield tag="100" ind1="1" ind2=" ">
    <subfield code="a">Burns, George Robert,</subfield>
    <subfield code="d">1931-</subfield>
  </datafield>
  <datafield tag="400" ind1="1" ind2=" ">
    <subfield code="a">Burns, George R.,</subfield>
    <subfield code="d">1931-</subfield>
  </datafield>
  <datafield tag="670" ind1=" " ind2=" ">
    <subfield code="a">Potential fertilizer consumption in the United States, 1965:</subfield>
    <subfield code="b">t.p. (George R. Burns)</subfield>
  </datafield>
  <datafield tag="670" ind1=" " ind2=" ">
    <subfield code="a">OCLC, Aug. 8, 2002</subfield>
    <subfield code="b">(hdg.: Burns, George Robert, 1931- ; usage: George R. Burns; George Robert Burns)</subfield>
  </datafield>
</record>